@misc{
    flake_fachkraeftemangel_2023,
    author = {Regina Flake and Jurek Tiedemann and Anika Jansen},
    title = {Fachkräftemangel in IT-Berufen – gute Chancen für Auf- und Quereinsteigende},
    year = {2023},
    note = {Studie im Rahmen des Projektes Kompetenzzentrum Fachkräftesicherung (KOFA) in Zusammenarbeit mit dem Bundesministerium für Wirtschaft und Klimaschutz (BMWK), Köln}
}

@misc{
    straits_low_code_development_platform_market_2021,
    title = {Low Code Development Platform Market},
    author = {{Straits Research}},
    year = {2021},
    url = {https://straitsresearch.com/report/low-code-development-platform-market},
    lastaccessed = {21.01.2024}
}

@article{
    waszkowski_2019,
    author = "Robert Waszkowski",
    title = "Low-code platform for automating business processes in manufacturing",
    journal = "IFAC PapersOnLine",
    volume = "52-10",
    pages = "376-381",
    year = "2019"
}

@article{
    low_code_vs_mdd,
    author = "Davide {Di Ruscio} and Dimitris Kolovos and Juan {de Lara}",
    title = "Low-code development and model-driven engineering: Two sides of the same coin?",
    journal = "Software and Systems Modeling",
    volume = "21",
    pages = "437-446",
    year = "2022"
}

@conference{
    oltrogge_2018,
    title = "The Rise of the Citizen Developer: Assessing the Security Impact of Online App Generators",
    author = "Marten Oltrogge and Erik Derr and Christian Stransky and Yasemin Acar and Sascha Fahl and Christian Rossow and Giancarlo Pellegrino and Sven Bugiel and Michael Backes",
    year = "2018",
    note = "2018 IEEE Symposium on Security and Privacy, San Francisco"
}

@misc{
    flutterflow_features,
    title = {FlutterFlow Features},
    author = {FlutterFlow},
    year = {2023},
    url = {https://flutterflow.io/features},
    lastaccessed = {23.01.2024}
}

@misc{
    flutterflow_deployment,
    title = {Mobile Deployment},
    author = {FlutterFlow},
    year = {2023},
    url = {https://docs.flutterflow.io/settings-and-integrations/app-settings/mobile-deployment},
    lastaccessed = {28.01.2024}
}

@misc{
    rapid_protoyping,
    title = {Rapid Prototyping \& Development Life Cycle for Smart Applications of Internet of Entities},
    author={Bellini, P. and Bologna, D. and Fanfani, M. and Ipsaro Palesi, L. A. and Nesi, P. and Pantaleo, G.},
    year = {2023},
    booktitle={2023 27th International Conference on Engineering of Complex Computer Systems (ICECCS)},
    pages={142-151},
    doi={10.1109/ICECCS59891.2023.00026}

}
@misc{mvp_definition,
    title = {What is an MVP and Why Do I Care?},
    author = {Marty True},
    year = {2023},
    url = {https://x-staticmediagroup.com/blog/what-mvp-and-why-do-i-care},
    lastaccessed = {28.01.2024}
}

@misc{flutterflow_youtube,
    title = {Live Building Education App for Beginners},
    author = {FlutterFlow},
    year = {2023},
    url = {https://www.youtube.com/watch?v=o157wJ2e8wU},
    lastaccessed = {28.01.2024}
}
@article{studie_low_code,
    author = {CIO and CSO and COMPUTERWOCHE},
    title = {Studie No-Code/Low-Code},
    year = {2023}
}

