@misc{
    flake_fachkraeftemangel_2023,
    author = {Regina Flake and Jurek Tiedemann and Anika Jansen},
    title = {Fachkräftemangel in IT-Berufen – gute Chancen für Auf- und Quereinsteigende},
    year = {2023},
    note = {Studie im Rahmen des Projektes Kompetenzzentrum Fachkräftesicherung (KOFA) in Zusammenarbeit mit dem Bundesministerium für Wirtschaft und Klimaschutz (BMWK), Köln}
}

@misc {
    Strengths_and_Weaknesses_of_Low-Code/No-Code_Tools_2022,
    title={Strengths and Weaknesses of Low-Code/No-Code Tools},
    author = {{U.S. Digital Response}},
    year = {2022},
    url = {https://medium.com/u-s-digital-response/strengths-and-weaknesses-of-low-code-no-code-tools-e3e3732b573e},
    lastaccessed = {06.02.2024}
}

@misc{
    straits_low_code_development_platform_market_2021,
    title = {Low Code Development Platform Market},
    author = {{Straits Research}},
    year = {2021},
    url = {https://straitsresearch.com/report/low-code-development-platform-market},
    lastaccessed = {21.01.2024}
}

@article{
    waszkowski_2019,
    author = "Robert Waszkowski",
    title = "Low-code platform for automating business processes in manufacturing",
    journal = "IFAC PapersOnLine",
    volume = "52-10",
    pages = "376-381",
    year = "2019"
}

@article{
    low_code_vs_mdd,
    author = "Davide {Di Ruscio} and Dimitris Kolovos and Juan {de Lara}",
    title = "Low-code development and model-driven engineering: Two sides of the same coin?",
    journal = "Software and Systems Modeling",
    volume = "21",
    pages = "437-446",
    year = "2022"
}

@conference{
    oltrogge_2018,
    title = "The Rise of the Citizen Developer: Assessing the Security Impact of Online App Generators",
    author = "Marten Oltrogge and Erik Derr and Christian Stransky and Yasemin Acar and Sascha Fahl and Christian Rossow and Giancarlo Pellegrino and Sven Bugiel and Michael Backes",
    year = "2018",
    note = "2018 IEEE Symposium on Security and Privacy, San Francisco"
}

@misc{
    flutterflow_features,
    title = {FlutterFlow Features},
    author = {FlutterFlow},
    year = {2023},
    url = {https://flutterflow.io/features},
    lastaccessed = {23.01.2024}
}

@misc{
    flutterflow_deployment,
    title = {Mobile Deployment},
    author = {FlutterFlow},
    year = {2023},
    url = {https://docs.flutterflow.io/settings-and-integrations/app-settings/mobile-deployment},
    lastaccessed = {28.01.2024}
}
@misc{
    flutterflow_doc,
    title = {Introduction},
    author = {FlutterFlow},
    year = {2023},
    url = {https://docs.flutterflow.io},
    lastaccessed = {06.02.2024}
}

@misc{
    rapid_protoyping,
    title = {Rapid Prototyping \& Development Life Cycle for Smart Applications of Internet of Entities},
    author={Bellini, P. and Bologna, D. and Fanfani, M. and Ipsaro Palesi, L. A. and Nesi, P. and Pantaleo, G.},
    year = {2023},
    booktitle={2023 27th International Conference on Engineering of Complex Computer Systems (ICECCS)},
    pages={142-151},
    doi={10.1109/ICECCS59891.2023.00026}

}
@misc{mvp_definition,
    title = {What is an MVP and Why Do I Care?},
    author = {Marty True},
    year = {2023},
    url = {https://x-staticmediagroup.com/blog/what-mvp-and-why-do-i-care},
    lastaccessed = {28.01.2024}
}

@misc{flutterflow_youtube,
    title = {Live Building Education App for Beginners},
    author = {FlutterFlow},
    year = {2023},
    url = {https://www.youtube.com/watch?v=o157wJ2e8wU},
    lastaccessed = {28.01.2024}
}
@article{studie_low_code,
    author = {CIO and CSO and COMPUTERWOCHE},
    title = {Studie No-Code/Low-Code},
    year = {2023}
}
@book{handbuch_programmiersprachen,
    author = {Peter A. Henning and Holger Vogelsang},
    title = {Handbuch Programmiersprachen},
    publisher = {Hanser Fachbuchverlag},
    year = {2007},
    isbn = {3-446-40558-5}
}
@misc{microsoft_power_platform,
    title = {Power Platform als low-code Entwicklungsumgebung ist Schwerpunkt des Microsoft Business Application Summit},
    author = {Michael Bünning},
    year = {2019},
    url = {https://www.team4.de/blog/microsoft-power-platform-als-low-code-entwicklungsumgebung/},
    lastaccessed = {01.02.2024}
}
@misc{filemaker_history,
    title = {FileMaker History},
    author = {Mike Weber},
    year = {2008},
    url = {https://lowendmac.com/software/f/filemaker.html},
    lastaccessed = {01.02.2024}
}
@misc{history_of_notes_and_domino,
    title = {The History of Notes and Domino},
    author = {IBM},
    year = {2007},
    url = {https://www.notesmail.com/home.nsf/ls-NDHistory-pdf.pdf},
    lastaccessed = {01.02.2024}
}
@misc{goldberg_visual_basic,
    title = {Are Low-Code/No-Code platforms the new Visual Basic?},
    author = {Jeff Goldberg},
    year = {2021},
    url = {https://aite-novarica.com/blogs/jeff-goldberg/are-low-codeno-code-platforms-new-visual-basic},
    lastaccessed = {01.02.2024}
}
@misc{aldridge,
    title = {Bringing Microsoft Access into the Future: Introducing the Microsoft Access Connector},
    author = {Michael Aldridge},
    year = {2021},
    url = {https://www.youtube.com/watch?v=FJbIZDo6DZ4&t=79s},
    lastaccessed = {04.02.2024}
}
@misc{pineault,
    title = {Is Access a Low-Code/No-Code Solution?},
    author = {Daniel Pineault},
    year = {2021},
    url = {https://www.devhut.net/is-access-a-low-code-no-code-solution/},
    lastaccessed = {04.02.2024}
}
@misc{piccolino,
    title = {Low-code Qt apps with Design Studio and SCXML},
    author = {Marco Piccolino},
    year = {2022},
    url = {https://www.qtdevcon.com/low-code-qt-apps-with-design-studio-and-scxml/},
    note = {Link zur Aufzeichnung: \url{https://www.youtube.com/watch?v=NP1w_hvT4_I}},
    lastaccessed = {04.02.2024}
}
